<record><leader>00000cas a22000007a 4500</leader><controlfield tag="001">20647195</controlfield><controlfield tag="008">891114d19081921idudn ne      0    0eng d</controlfield><datafield ind1=" " ind2=" " tag="010"><subfield code="a">sn 89055257 </subfield></datafield><datafield ind1=" " ind2=" " tag="040"><subfield code="a">NVB</subfield><subfield code="b">eng</subfield><subfield code="c">NVB</subfield><subfield code="d">OCLCQ</subfield><subfield code="d">OCLCF</subfield><subfield code="d">OCLCO</subfield></datafield><datafield ind1=" " ind2=" " tag="042"><subfield code="a">msc</subfield></datafield><datafield ind1=" " ind2=" " tag="043"><subfield code="a">n-us-id</subfield></datafield><datafield ind1="0" ind2="0" tag="245"><subfield code="a">Twin Falls chronicle.</subfield></datafield><datafield ind1=" " ind2=" " tag="260"><subfield code="a">Twin Falls, Idaho :</subfield><subfield code="b">R.H. Stevenson</subfield></datafield><datafield ind1=" " ind2=" " tag="300"><subfield code="a">v.</subfield></datafield><datafield ind1=" " ind2=" " tag="310"><subfield code="a">Daily (except Mon.),</subfield><subfield code="b">&lt;Apr. 11, 1919-July 31, 1920&gt;</subfield></datafield><datafield ind1=" " ind2=" " tag="321"><subfield code="a">Weekly,</subfield><subfield code="b">&lt;1908-1919&gt;</subfield></datafield><datafield ind1="1" ind2=" " tag="362"><subfield code="a">Began in 1908; ceased in 1921.</subfield></datafield><datafield ind1=" " ind2=" " tag="588"><subfield code="a">Description based on: Vol. 9, no. 25 (Apr. 12, 1919).</subfield></datafield><datafield ind1=" " ind2="0" tag="651"><subfield code="a">Twin Falls (Idaho)</subfield><subfield code="v">Newspapers.</subfield></datafield><datafield ind1=" " ind2="7" tag="655"><subfield code="a">Newspapers.</subfield><subfield code="2">fast</subfield><subfield code="0">(OCoLC)fst01423814</subfield></datafield><datafield ind1=" " ind2="7" tag="651"><subfield code="a">Idaho</subfield><subfield code="z">Twin Falls.</subfield><subfield code="2">fast</subfield><subfield code="0">(OCoLC)fst01210138</subfield></datafield><datafield ind1=" " ind2=" " tag="752"><subfield code="a">United States</subfield><subfield code="b">Idaho</subfield><subfield code="c">Twin Falls</subfield><subfield code="d">Twin Falls.</subfield></datafield></record>